@article{bando1995dynamical,
  title={Dynamical model of traffic congestion and numerical simulation},
  author={Bando, Masako and Hasebe, Katsuya and Nakayama, Akihiro and Shibata, Akihiro and Sugiyama, Yuki},
  journal={Physical review E},
  volume={51},
  number={2},
  pages={1035},
  year={1995},
  publisher={APS}
}

@article{zhao2005onset,
  title = {Onset of traffic congestion in complex networks},
  author = {Zhao, Liang and Lai, Ying-Cheng and Park, Kwangho and Ye, Nong},
  journal = {Phys. Rev. E},
  volume = {71},
  issue = {2},
  pages = {026125},
  numpages = {8},
  year = {2005},
  month = {Feb},
  publisher = {American Physical Society},
  doi = {10.1103/PhysRevE.71.026125},
  url = {https://link.aps.org/doi/10.1103/PhysRevE.71.026125}
}

@article{ma2015deeplearning,
    author = {Ma, Xiaolei AND Yu, Haiyang AND Wang, Yunpeng AND Wang, Yinhai},
    journal = {PLOS ONE},
    publisher = {Public Library of Science},
    title = {Large-Scale Transportation Network Congestion Evolution Prediction Using Deep Learning Theory},
    year = 2015,
    month = 03,
    volume = 10,
    url = {https://doi.org/10.1371/journal.pone.0119044},
    pages = {1-17},
    number = 3,
    doi = {10.1371/journal.pone.0119044}
}

@article{duranton2011fundamental,
 ISSN = {00028282},
 URL = {http://www.jstor.org/stable/23045653},
 author = {Gilles Duranton and Matthew A. Turner},
 journal = {The American Economic Review},
 number = {6},
 pages = {2616-2652},
 publisher = {American Economic Association},
 title = {The Fundamental Law of Road Congestion: Evidence from US Cities},
 volume = {101},
 year = {2011}
}

@article{chen2010review,
  title={A review of the applications of agent technology in traffic and transportation systems},
  author={Chen, Bo and Cheng, Harry H},
  journal={IEEE Transactions on Intelligent Transportation Systems},
  volume={11},
  number={2},
  pages={485--497},
  year={2010},
  publisher={IEEE}
}

@article{sommer2011bidirectionally,
  title={Bidirectionally coupled network and road traffic simulation for improved IVC analysis},
  author={Sommer, Christoph and German, Reinhard and Dressler, Falko},
  journal={IEEE Transactions on Mobile Computing},
  volume={10},
  number={1},
  pages={3--15},
  year={2011},
  publisher={IEEE}
}

@article{bauza2013vehicle2vehicle,
title = "Traffic congestion detection in large-scale scenarios using vehicle-to-vehicle communications",
journal = "Journal of Network and Computer Applications",
volume = "36",
number = "5",
pages = "1295 - 1307",
year = "2013",
issn = "1084-8045",
doi = "https://doi.org/10.1016/j.jnca.2012.02.007",
url = "http://www.sciencedirect.com/science/article/pii/S1084804512000628",
author = "R. Bauza and J. Gozalvez",
keywords = "Cooperative systems, Vehicle-to-vehicle communications, V2V, VANET, ITS, Traffic congestion detection, Large scale, iTETRIS"
}

@article{kerner96trafficjam,
  title = {Experimental features and characteristics of traffic jams},
  author = {Kerner, B. S. and Rehborn, H.},
  journal = {Phys. Rev. E},
  volume = {53},
  issue = {2},
  pages = {R1297--R1300},
  year = {1996},
  month = {Feb},
  publisher = {American Physical Society},
  doi = {10.1103/PhysRevE.53.R1297},
  url = {https://link.aps.org/doi/10.1103/PhysRevE.53.R1297}
}

@article{kerner97flow,
  title = {Experimental Properties of Phase Transitions in Traffic Flow},
  author = {Kerner, B. S. and Rehborn, H.},
  journal = {Phys. Rev. Lett.},
  volume = {79},
  issue = {20},
  pages = {4030--4033},
  year = {1997},
  month = {Nov},
  publisher = {American Physical Society},
  doi = {10.1103/PhysRevLett.79.4030},
  url = {https://link.aps.org/doi/10.1103/PhysRevLett.79.4030}
}

@article{stern17autonomous,
  author    = {Raphael E. Stern and
               Shumo Cui and
               Maria Laura Delle Monache and
               Rahul Bhadani and
               Matt Bunting and
               Miles Churchill and
               Nathaniel Hamilton and
               R'mani Haulcy and
               Hannah Pohlmann and
               Fangyu Wu and
               Benedetto Piccoli and
               Benjamin Seibold and
               Jonathan Sprinkle and
               Daniel B. Work},
  title     = {Dissipation of stop-and-go waves via control of autonomous vehicles:
               Field experiments},
  journal   = {CoRR},
  volume    = {abs/1705.01693},
  year      = {2017},
  url       = {http://arxiv.org/abs/1705.01693},
  archivePrefix = {arXiv},
  eprint    = {1705.01693},
}

@article{darbha1999cruisecontrol,
title = "Intelligent cruise control systems and traffic flow stability",
journal = "Transportation Research Part C: Emerging Technologies",
volume = "7",
number = "6",
pages = "329 - 352",
year = "1999",
issn = "0968-090X",
doi = "https://doi.org/10.1016/S0968-090X(99)00024-8",
url = "http://www.sciencedirect.com/science/article/pii/S0968090X99000248",
author = "Swaroop Darbha and K.R. Rajagopal",
keywords = "Intelligent cruise control systems, Traffic flow stability, String stability, Advanced vehicle control systems, Advanced traffic management systems"
}

@article{fagnant2015autonomous,
title = "Preparing a nation for autonomous vehicles: opportunities, barriers and policy recommendations",
journal = "Transportation Research Part A: Policy and Practice",
volume = "77",
number = "Supplement C",
pages = "167 - 181",
year = "2015",
issn = "0965-8564",
doi = "https://doi.org/10.1016/j.tra.2015.04.003",
url = "http://www.sciencedirect.com/science/article/pii/S0965856415000804",
author = "Daniel J. Fagnant and Kara Kockelman",
keywords = "Vehicle automation, Autonomous vehicles, Cost-benefit analysis, Safety, Congestion, Market penetration"
}

@misc{inrix,
  title = {{MS Windows NT} Kernel Description},
  howpublished = {\url{http://inrix.com/scorecard/}},
  note = {Accessed: 2017-12-12}
}
